@phdthesis{back_tracker,
  title={Automated maze generation and human interaction},
  author={Foltin, Martin},
  year={2011},
  school={Masarykova univerzita, Fakulta informatiky}
}
@misc{wiki,
   author = "Wikipedia",
   title = "{Maze generation algorithm} --- {W}ikipedia{,} The Free Encyclopedia",
   year = "2021",
   howpublished = {\url{http://en.wikipedia.org/w/index.php?title=Maze\%20generation\%20algorithm&oldid=1008588880}},
   note = "[Online; accessed 29-April-2021]"
 }
